%YAML 1.1
%TAG !u! tag:unity3d.com,2011:
--- !u!1 &3071950867911067341
GameObject:
  m_ObjectHideFlags: 0
  m_CorrespondingSourceObject: {fileID: 0}
  m_PrefabInstance: {fileID: 0}
  m_PrefabAsset: {fileID: 0}
  serializedVersion: 6
  m_Component:
  - component: {fileID: 3071950867911067329}
  - component: {fileID: 3071950867911067328}
  - component: {fileID: 3071950867911067343}
  - component: {fileID: 3071950867911067342}
  - component: {fileID: 3071950867911067330}
  m_Layer: 9
  m_Name: FireActionPoster
  m_TagString: Object
  m_Icon: {fileID: 0}
  m_NavMeshLayer: 0
  m_StaticEditorFlags: 0
  m_IsActive: 1
--- !u!4 &3071950867911067329
Transform:
  m_ObjectHideFlags: 0
  m_CorrespondingSourceObject: {fileID: 0}
  m_PrefabInstance: {fileID: 0}
  m_PrefabAsset: {fileID: 0}
  m_GameObject: {fileID: 3071950867911067341}
  m_LocalRotation: {x: 0, y: 0, z: 0, w: 1}
  m_LocalPosition: {x: -6.6332607, y: 1.79, z: 10.542}
  m_LocalScale: {x: 1, y: 1, z: 1}
  m_Children:
  - {fileID: 3071950868483434762}
  m_Father: {fileID: 0}
  m_RootOrder: 0
  m_LocalEulerAnglesHint: {x: 0, y: 0, z: 0}
--- !u!33 &3071950867911067328
MeshFilter:
  m_ObjectHideFlags: 0
  m_CorrespondingSourceObject: {fileID: 0}
  m_PrefabInstance: {fileID: 0}
  m_PrefabAsset: {fileID: 0}
  m_GameObject: {fileID: 3071950867911067341}
  m_Mesh: {fileID: 10210, guid: 0000000000000000e000000000000000, type: 0}
--- !u!23 &3071950867911067343
MeshRenderer:
  m_ObjectHideFlags: 0
  m_CorrespondingSourceObject: {fileID: 0}
  m_PrefabInstance: {fileID: 0}
  m_PrefabAsset: {fileID: 0}
  m_GameObject: {fileID: 3071950867911067341}
  m_Enabled: 1
  m_CastShadows: 1
  m_ReceiveShadows: 1
  m_DynamicOccludee: 1
  m_MotionVectors: 1
  m_LightProbeUsage: 1
  m_ReflectionProbeUsage: 1
  m_RenderingLayerMask: 1
  m_RendererPriority: 0
  m_Materials:
  - {fileID: 2100000, guid: 361efd0897a832942bac062d9784bca9, type: 2}
  m_StaticBatchInfo:
    firstSubMesh: 0
    subMeshCount: 0
  m_StaticBatchRoot: {fileID: 0}
  m_ProbeAnchor: {fileID: 0}
  m_LightProbeVolumeOverride: {fileID: 0}
  m_ScaleInLightmap: 1
  m_PreserveUVs: 0
  m_IgnoreNormalsForChartDetection: 0
  m_ImportantGI: 0
  m_StitchLightmapSeams: 1
  m_SelectedEditorRenderState: 3
  m_MinimumChartSize: 4
  m_AutoUVMaxDistance: 0.5
  m_AutoUVMaxAngle: 89
  m_LightmapParameters: {fileID: 0}
  m_SortingLayerID: 0
  m_SortingLayer: 0
  m_SortingOrder: 0
--- !u!64 &3071950867911067342
MeshCollider:
  m_ObjectHideFlags: 0
  m_CorrespondingSourceObject: {fileID: 0}
  m_PrefabInstance: {fileID: 0}
  m_PrefabAsset: {fileID: 0}
  m_GameObject: {fileID: 3071950867911067341}
  m_Material: {fileID: 0}
  m_IsTrigger: 0
  m_Enabled: 1
  serializedVersion: 3
  m_Convex: 0
  m_CookingOptions: 14
  m_Mesh: {fileID: 10210, guid: 0000000000000000e000000000000000, type: 0}
--- !u!114 &3071950867911067330
MonoBehaviour:
  m_ObjectHideFlags: 0
  m_CorrespondingSourceObject: {fileID: 0}
  m_PrefabInstance: {fileID: 0}
  m_PrefabAsset: {fileID: 0}
  m_GameObject: {fileID: 3071950867911067341}
  m_Enabled: 1
  m_EditorHideFlags: 0
  m_Script: {fileID: 11500000, guid: 401e5055829976f43a47276fafd18e32, type: 3}
  m_Name: 
  m_EditorClassIdentifier: 
  ObjectHighlighter: {fileID: 3071950868483434761}
  anim: {fileID: 1152641028965017997}
--- !u!1001 &7436815438070053838
PrefabInstance:
  m_ObjectHideFlags: 0
  serializedVersion: 2
  m_Modification:
    m_TransformParent: {fileID: 3071950867911067329}
    m_Modifications:
    - target: {fileID: 5590413222271652551, guid: c6ef9c1605b69e0469fb6eacf758b670,
        type: 3}
      propertyPath: m_Name
      value: IconHighlight
      objectReference: {fileID: 0}
    - target: {fileID: 5590413222271652548, guid: c6ef9c1605b69e0469fb6eacf758b670,
        type: 3}
      propertyPath: m_LocalPosition.x
      value: 0
      objectReference: {fileID: 0}
    - target: {fileID: 5590413222271652548, guid: c6ef9c1605b69e0469fb6eacf758b670,
        type: 3}
      propertyPath: m_LocalPosition.y
      value: 0
      objectReference: {fileID: 0}
    - target: {fileID: 5590413222271652548, guid: c6ef9c1605b69e0469fb6eacf758b670,
        type: 3}
      propertyPath: m_LocalPosition.z
      value: 0
      objectReference: {fileID: 0}
    - target: {fileID: 5590413222271652548, guid: c6ef9c1605b69e0469fb6eacf758b670,
        type: 3}
      propertyPath: m_LocalRotation.x
      value: 0
      objectReference: {fileID: 0}
    - target: {fileID: 5590413222271652548, guid: c6ef9c1605b69e0469fb6eacf758b670,
        type: 3}
      propertyPath: m_LocalRotation.y
      value: 0
      objectReference: {fileID: 0}
    - target: {fileID: 5590413222271652548, guid: c6ef9c1605b69e0469fb6eacf758b670,
        type: 3}
      propertyPath: m_LocalRotation.z
      value: 0
      objectReference: {fileID: 0}
    - target: {fileID: 5590413222271652548, guid: c6ef9c1605b69e0469fb6eacf758b670,
        type: 3}
      propertyPath: m_LocalRotation.w
      value: 1
      objectReference: {fileID: 0}
    - target: {fileID: 5590413222271652548, guid: c6ef9c1605b69e0469fb6eacf758b670,
        type: 3}
      propertyPath: m_RootOrder
      value: 0
      objectReference: {fileID: 0}
    - target: {fileID: 5590413222271652548, guid: c6ef9c1605b69e0469fb6eacf758b670,
        type: 3}
      propertyPath: m_LocalEulerAnglesHint.x
      value: 0
      objectReference: {fileID: 0}
    - target: {fileID: 5590413222271652548, guid: c6ef9c1605b69e0469fb6eacf758b670,
        type: 3}
      propertyPath: m_LocalEulerAnglesHint.y
      value: 0
      objectReference: {fileID: 0}
    - target: {fileID: 5590413222271652548, guid: c6ef9c1605b69e0469fb6eacf758b670,
        type: 3}
      propertyPath: m_LocalEulerAnglesHint.z
      value: 0
      objectReference: {fileID: 0}
    - target: {fileID: 5590413222271652549, guid: c6ef9c1605b69e0469fb6eacf758b670,
        type: 3}
      propertyPath: lookAt
      value: 
      objectReference: {fileID: 3071950867911067329}
    - target: {fileID: 5590413221368129444, guid: c6ef9c1605b69e0469fb6eacf758b670,
        type: 3}
      propertyPath: m_Camera
      value: 
      objectReference: {fileID: 0}
    - target: {fileID: 5590413222061634843, guid: c6ef9c1605b69e0469fb6eacf758b670,
        type: 3}
      propertyPath: m_AnchoredPosition.x
      value: 1
      objectReference: {fileID: 0}
    - target: {fileID: 5590413222061634843, guid: c6ef9c1605b69e0469fb6eacf758b670,
        type: 3}
      propertyPath: m_AnchoredPosition.y
      value: 0.25
      objectReference: {fileID: 0}
    - target: {fileID: 5590413222061634843, guid: c6ef9c1605b69e0469fb6eacf758b670,
        type: 3}
      propertyPath: m_SizeDelta.x
      value: 0.000000059604645
      objectReference: {fileID: 0}
    - target: {fileID: 5590413222061634843, guid: c6ef9c1605b69e0469fb6eacf758b670,
        type: 3}
      propertyPath: m_SizeDelta.y
      value: -1.5
      objectReference: {fileID: 0}
    m_RemovedComponents: []
  m_SourcePrefab: {fileID: 100100000, guid: c6ef9c1605b69e0469fb6eacf758b670, type: 3}
--- !u!1 &3071950868483434761 stripped
GameObject:
  m_CorrespondingSourceObject: {fileID: 5590413222271652551, guid: c6ef9c1605b69e0469fb6eacf758b670,
    type: 3}
  m_PrefabInstance: {fileID: 7436815438070053838}
  m_PrefabAsset: {fileID: 0}
--- !u!4 &3071950868483434762 stripped
Transform:
  m_CorrespondingSourceObject: {fileID: 5590413222271652548, guid: c6ef9c1605b69e0469fb6eacf758b670,
    type: 3}
  m_PrefabInstance: {fileID: 7436815438070053838}
  m_PrefabAsset: {fileID: 0}
--- !u!95 &1152641028965017997 stripped
Animator:
  m_CorrespondingSourceObject: {fileID: 7551376407852372547, guid: c6ef9c1605b69e0469fb6eacf758b670,
    type: 3}
  m_PrefabInstance: {fileID: 7436815438070053838}
  m_PrefabAsset: {fileID: 0}
